@online{sosurvey,
        title = {Stack Overflow Developer Survey 2022},
        url = {https://survey.stackoverflow.co/2022/?utm_source=social-share&utm_medium=social&utm_campaign=dev-survey-2022},
        abstract = {In May 2022 over 70,000 developers told us how they learn and level up, which tools they’re using, and what they want.},
        titleaddon = {Stack Overflow},
        urldate = {2023-06-08},
        langid = {english},
        file = {Snapshot:/home/lquenti/oC/docs/Zotero/storage/U8RCVBHS/2022.html:text/html},
}

@online{cargobench,
	title = {cargo bench - The Cargo Book},
	url = {https://doc.rust-lang.org/cargo/commands/cargo-bench.html},
	urldate = {2023-06-08},
	file = {cargo bench - The Cargo Book:/home/lquenti/oC/docs/Zotero/storage/NJBM25VI/cargo-bench.html:text/html},
}

@online{cargounstable,
	title = {Stabilize \#[bench] and Bencher? · Issue \#66287 · rust-lang/rust},
	url = {https://github.com/rust-lang/rust/issues/66287},
	shorttitle = {Stabilize `\#[bench]` and `Bencher`?},
	abstract = {I’ll take the liberty of copying a section of @hsivonen’s Rust 2020 blog post: Non-Nightly Benchmarking The library support for the cargo bench feature has been in the state “basically, the design ...},
	titleaddon = {{GitHub}},
	urldate = {2023-06-08},
	langid = {english},
	file = {Snapshot:/home/lquenti/oC/docs/Zotero/storage/C337HKS6/66287.html:text/html},
}

@artwork{matmulvis,
	title = {Schematic depiction of the matrix product {AB} of two matrices A and B.},
	rights = {Permission is granted to copy, distribute and/or modify this document under the terms of the {GNU} Free Documentation License, Version 1.2 or any later version published by the Free Software Foundation; with no Invariant Sections, no Front-Cover Texts, and no Back-Cover Texts. A copy of the license is included in the section entitled {GNU} Free Documentation License.http://www.gnu.org/copyleft/fdl.{htmlGFDLGNU} Free Documentation Licensetruetrue},
	url = {https://commons.wikimedia.org/wiki/File:Matrix_multiplication_diagram_2.svg},
	author = {below, File:Matrix multiplication diagram svg:User:{BilouSee}},
	urldate = {2023-06-08},
	date = {2010-10-04},
	file = {Wikimedia Snapshot:/home/lquenti/oC/docs/Zotero/storage/T529YGJ2/FileMatrix_multiplication_diagram_2.html:text/html},
}

@software{benchcmp,
	title = {cargo benchcmp},
	rights = {Unlicense},
	url = {https://github.com/BurntSushi/cargo-benchcmp},
	abstract = {A small utility to compare Rust micro-benchmarks.},
	author = {Gallant, Andrew},
	urldate = {2023-06-08},
	date = {2023-05-14},
}

@software{criterion,
	title = {Criterion.rs},
	rights = {Apache-2.0},
	url = {https://github.com/bheisler/criterion.rs},
	abstract = {Statistics-driven benchmarking library for Rust},
	author = {Heisler, Brook},
	urldate = {2023-06-08},
	date = {2023-06-08},
	note = {original-date: 2014-05-26T14:14:22Z},
	keywords = {benchmark, criterion, gnuplot, rust, statistics},
}

@software{gnuplot,
	title = {gnuplot},
	url = {http://www.gnuplot.info/},
	urldate = {2023-06-08},
}

@software{hyperfine,
	title = {hyperfine},
	rights = {Apache-2.0},
	url = {https://github.com/sharkdp/hyperfine},
	abstract = {A command-line benchmarking tool},
	version = {1.16.1},
	author = {Peter, David},
	urldate = {2023-06-08},
	date = {2023-03},
}

@software{critcmp,
	title = {critcmp},
	rights = {Unlicense},
	url = {https://github.com/BurntSushi/critcmp},
	abstract = {A command line tool for comparing benchmarks run by Criterion.},
	author = {Gallant, Andrew},
	urldate = {2023-06-08},
	date = {2023-05-19},
}

@online{godbolt,
	title = {Compiler Explorer},
	url = {https://godbolt.org/},
	abstract = {Compiler Explorer is an interactive online compiler which shows the assembly output of compiled C++, Rust, Go (and many more) code.},
	author = {Godbolt, Matt},
	urldate = {2023-06-08},
	langid = {english},
	file = {Snapshot:/home/lquenti/oC/docs/Zotero/storage/7ZNXUQNI/godbolt.org.html:text/html},
}

@software{cargo-asm,
	title = {cargo-asm},
	url = {https://github.com/gnzlbg/cargo-asm},
	abstract = {cargo subcommand showing the assembly or llvm-ir generated for Rust code},
	author = {gnzlbg},
	urldate = {2023-06-08},
	date = {2023-06-06},
	note = {original-date: 2018-02-13T19:38:49Z},
	keywords = {cargo-subcommand},
}

@online{unroll,
	title = {unroll},
	url = {https://gitlab.com/elrnv/unroll},
	abstract = {Loop unrolling procedural macro attribute for Rust.},
	titleaddon = {{GitLab}},
	urldate = {2023-06-08},
	date = {2022-06-06},
	langid = {english},
	file = {Snapshot:/home/lquenti/oC/docs/Zotero/storage/9QGU9D6A/unroll.html:text/html},
}

@online{perfbook,
	title = {The Rust Performance Book},
	url = {https://nnethercote.github.io/perf-book/},
	author = {Nethercote, Nicholas},
	urldate = {2023-06-08},
	file = {Title Page - The Rust Performance Book:/home/lquenti/oC/docs/Zotero/storage/8RA99UGL/perf-book.html:text/html},
}

@online{perfwiki,
	title = {Perf Wiki},
	url = {https://perf.wiki.kernel.org/index.php/Main_Page},
	urldate = {2023-06-08},
	file = {Perf Wiki:/home/lquenti/oC/docs/Zotero/storage/ZAY83P7E/Main_Page.html:text/html},
}

@online{valgrind,
	title = {Valgrind},
	url = {https://valgrind.org/},
	urldate = {2023-06-08},
	file = {Valgrind Home:/home/lquenti/oC/docs/Zotero/storage/WAP6GCDA/valgrind.org.html:text/html},
}

@software{rustfilt,
	title = {luser/rustfilt},
	rights = {Apache-2.0},
	url = {https://github.com/luser/rustfilt},
	abstract = {Demangle Rust symbols},
	author = {Mielczarek, Ted},
	urldate = {2023-06-08},
	date = {2023-05-19},
	note = {original-date: 2016-05-13T17:00:31Z},
}

@software{cargoflamegraph,
	title = {[cargo-]flamegraph},
	rights = {Apache-2.0},
	url = {https://github.com/flamegraph-rs/flamegraph},
	abstract = {Easy flamegraphs for Rust projects and everything else, without Perl or pipes {\textless}3},
	publisher = {flamegraph-rs},
	urldate = {2023-06-08},
	date = {2023-06-08},
	note = {original-date: 2019-03-07T16:31:30Z},
	keywords = {flamegraphs, perf, profiling},
}

@software{iai,
	title = {Iai},
	rights = {Apache-2.0},
	url = {https://github.com/bheisler/iai},
	abstract = {Experimental one-shot benchmarking/profiling harness for Rust},
	author = {Heisler, Brook},
	urldate = {2023-06-08},
	date = {2023-06-07},
	note = {original-date: 2021-01-02T20:54:31Z},
}


@article{frigo,
	title = {Cache-Oblivious Algorithms},
	volume = {8},
	number = {1},
	journaltitle = {{ACM} Transactions on Algorithms},
	author = {Frigo, Matteo and Leiserson, Charles E and Prokop, Harald and Ramachandran, Sridhar},
	langid = {english},
	file = {Frigo et al. - Cache-Oblivious Algorithms.pdf:/home/lquenti/oC/docs/Zotero/storage/KTXQGW52/Frigo et al. - Cache-Oblivious Algorithms.pdf:application/pdf},
}


@artwork{cmglee,
	title = {English:  Illustration of row- and column-major order by {CMG} Lee.},
	rights = {Permission is granted to copy, distribute and/or modify this document under the terms of the {GNU} Free Documentation License, Version 1.2 or any later version published by the Free Software Foundation; with no Invariant Sections, no Front-Cover Texts, and no Back-Cover Texts. A copy of the license is included in the section entitled {GNU} Free Documentation License.http://www.gnu.org/copyleft/fdl.{htmlGFDLGNU} Free Documentation Licensetruetrue},
	url = {https://commons.wikimedia.org/wiki/File:Row_and_column_major_order.svg},
	shorttitle = {English},
	author = {{Cmglee}},
	urldate = {2023-06-13},
	file = {Wikimedia Snapshot:/home/lquenti/oC/docs/Zotero/storage/49Z5TG55/FileRow_and_column_major_order.html:text/html},
}


@online{intel,
	title = {Intel Intrinsics Guide},
	url = {https://www.intel.com/content/www/us/en/docs/intrinsics-guide/index.html},
	abstract = {Intel Intrinsics Guide includes C-style functions that provide access to other instructions without writing assembly code.},
	titleaddon = {Intel},
	urldate = {2023-06-19},
	langid = {english},
	file = {Snapshot:/home/lquenti/oC/docs/Zotero/storage/H388AIG5/index.html:text/html},
}

@online{rustarch,
	title = {\_kadd\_mask32 in core::arch::x86\_64 - Rust},
	url = {https://doc.rust-lang.org/core/arch/x86_64/fn._kadd_mask32.html},
	urldate = {2023-06-19},
	file = {_kadd_mask32 in core\:\:arch\:\:x86_64 - Rust:/home/lquenti/oC/docs/Zotero/storage/Z7W4SWQE/fn._kadd_mask32.html:text/html},
}


@online{isx86,
	title = {is\_x86\_feature\_detected in std - Rust},
	url = {https://doc.rust-lang.org/std/macro.is_x86_feature_detected.html},
	urldate = {2023-06-19},
	file = {is_x86_feature_detected in std - Rust:/home/lquenti/oC/docs/Zotero/storage/VFIQUZYT/macro.is_x86_feature_detected.html:text/html},
}

@online{concomp,
	title = {Conditional compilation - The Rust Reference},
	url = {https://doc.rust-lang.org/reference/conditional-compilation.html},
	urldate = {2023-06-19},
	file = {Conditional compilation - The Rust Reference:/home/lquenti/oC/docs/Zotero/storage/UCJSYA58/conditional-compilation.html:text/html},
}


@software{rayon,
	title = {Rayon},
	rights = {Apache-2.0},
	url = {https://github.com/rayon-rs/rayon},
	abstract = {Rayon: A data parallelism library for Rust},
	publisher = {rayon-rs},
	urldate = {2023-06-19},
	date = {2023-06-19},
	note = {original-date: 2014-10-02T15:38:05Z},
}


@online{algorithmica,
	title = {Algorithmica},
  author = {Slotin, Sergey},
	url = {https://en.algorithmica.org/},
	urldate = {2023-06-19},
	file = {Algorithmica:/home/lquenti/oC/docs/Zotero/storage/ATEIMR5U/en.algorithmica.org.html:text/html},
}


@software{mpi,
	title = {{MPI} bindings for Rust},
	rights = {Apache-2.0},
	url = {https://github.com/rsmpi/rsmpi},
	abstract = {{MPI} bindings for Rust},
	publisher = {rsmpi},
	urldate = {2023-06-19},
	date = {2023-06-15},
	note = {original-date: 2015-07-21T20:51:28Z},
	keywords = {mpi, rust},
}

