@online{ScaleFoot,
  Title = {I'm Going To Scale My Foot Up Your Ass},
  Author = {Ted Dziuba},
  url = {https://www.youtube.com/watch?v=8PCNNro7Rt0},
  date = {2008-04-24},
  urldate = {2023-02-22}
}

@online{Twitter,
  Title = {Twitter Search is Now 3x Faster},
  Author = {Twitter Engineering},
  url = {https://blog.twitter.com/engineering/en_us/a/2011/twitter-search-is-now-3x-faster},
  date = {2011-04-06},
  urldate = {2023-02-22}
}
